@book{FairchildInSiboska,
	author = {Fairchild, M},
	title = {Color Appearance Models},
	date = {1998},
	note = {cited in D. Siboska, H. Karstoft and H. Pedersen, p.5}
}


@misc{Siboska,
	author = {Siboska, D and Karstoft, H and Pedersen, H},
	title = {Synchronization of Electroencephalography and Eye Tracking using
	Global Illumination Changes}
}

@online{opencv,
	author = {Itseez},
	title = {OpenCV},
	year = {2015},
	url = {http://opencv.org/},
	urldate = {2015-06-28}
}

@online{UML,
	author = {Object Management Group},
	title = {Unified Modelling Language},
	year = {2015},
	url = {http://www.uml.org/},
	urldate = {2015-06-28}
}

@online{Vmodel,
	author = {Wikipedia},
	title = {V-Model (software development) --- {W}ikipedia{,} The Free Encyclopedia},
	year = {2015},
	url = {http://en.wikipedia.org/wiki/V-Model_%28software_development%29},
	urldate = {2015-06-28}
}
