@misc{UMLurl,
  author = {Object Management Group},
  title = {{Unified Modelling Language}},
  howpublished = "\url{http://www.uml.org/}",
  year = {2015}, 
  note = "[Online; sidst tilg√•et 20-04-2015]"
}