@book{FairchildInSiboska,
	author = {Fairchild, M},
	title = {Color Appearance Models},
	date = {1998},
	note = {cited in D. Siboska, H. Karstoft and H. Pedersen, p.5},
}


@misc{Siboska,
	author = {Siboska, D and Karstoft, H and Pedersen, H},
	title = {Synchronization of Electroencephalography and Eye Tracking using
	Global Illumination Changes}
}

